@book{AIMA,
 author = {Russell, Stuart J. and Norvig, Peter and Candy, John F. and Malik, Jitendra M. and Edwards, Douglas D.},
 title = {Artificial Intelligence: A Modern Approach},
 year = {1996},
 publisher = {Prentice-Hall, Inc.}
} 

@book{38136,
title = {Machine learning: a probabilistic perspective},
author  = {Kevin P Murphy},
year  = 2012,
address = {Cambridge, MA}
}

@book{stat_learning,
  address = {New York, NY, USA},
  author = {Hastie, Trevor and Tibshirani, Robert and Friedman, Jerome},
    publisher = {Springer New York Inc.},
  series = {Springer Series in Statistics},
  title = {The Elements of Statistical Learning},
  year = 2001
}

